% Файл библиографии для списка использованных источников

% Для алгоритмов удаления невидимых линий и поверхностей

@book{landscapes,
	author = {Шишлянников~И.~В.},
	title = {Анализ и применение алгоритмов генерации и моделирования ландшафта},
	year = {2021},
	publisher = {78-я научная конференция аспирантов, магистрантов и студентов Белорусского государственного университета},
	pages = {107-111}
}

@book{noises,
	author = {Хисамов~И.~Р.},
	title = {Обзор шумовых функций для генерации ландшафта},
	year = {2024},
	publisher = {52 научные исследования учащихся XI международная научно-практическая конференция | МЦНС <<Наука и просвещение>>},
	pages = {52-54}
}

@book {
	nohabrinsource,
	author={Кинтонова,~А.~Ж. and Габдрешов,~Г.~Е. and Кисманова,~А.~А. and Сансызбай,~К.~М.},
	title={Проектирование ландшафта с помощью алгоритмов генерации},
	publisher = {Вестник КазАТК No 1 (124)},
	pages = {182-194},
	year = {2023},
}

@book{usages,
	author = {Аникеев~А.~С.},
	title = {Генерация и моделирование 2D ландшафта по контрольным значениям с использованием Unity на языке программирования C\#},
	year = {2020},
	publisher = {Инженерный вестник Дона}
}

@book {
	Voronezh,
	author={Тимофеева,~Н.~Е. and Гераськин,~А.~С.},
	title={Исследование возможности улучшения алгоритма билинейной интерполяции для корректировки цифровых изображений применением теории полей ориентации},
	publisher = {Вестник ВГУ. Серия: Системный анализ и информационные технологии, (1),},
	pages = {119-125},
	year = {2018},
}

@book {
	criging,
	author={Ремизов,~А.~Л. and Коледин,~С.~Н.},
	title={Решение задачи двумерной интерполяции исходных данных методом простого кригинга на языке программирования Python},
	publisher = {Математическое моделирование процессов и систем. Стерлитамак, 10–12 ноября 2021 года},
	pages = {119-123},
	year = {2021},
}

@book {
	ds,
	author={Мультан,~Р.~И. and Мазур,~А.~Д.},
	title={Процедурная генерация текстур на основе алгоритма diamond-square},
	publisher = {54-я научная конференция аспирантов, магистрантов и студентов БГУИР},
	pages = {66-67},
	year = {2018}
}

@book {
	images,
	author={Гимранова~Р.~М.},
	title={Методы генерации ландшафта карт в разработке игр на примере Unreal Engine 4},
	pages = {21-22},
	year = {2020},
}

@book{parshina,
	author = {Паршина~К.~С.},
	title = {Алгоритмы удаления невидимых линий при построении изображений трехмерных тел},
	year = {2018},
	publisher = {Информационно-телекоммуникационные технологии и математическое моделирование высокотехнологичных систем : материалы Всероссийской конференции с международным участием. Москва, РУДН, 16–20 апреля 2018~г.},
	pages = {204-206}
}

@book{golovnin,
	author = {Головнин~А.~А.},
	title = {Базовые алгоритмы компьютерной графики},
	year = {2016},
	publisher = {Проблемы качества графической подготовки студентов в техническом вузе: традиции и инновации},
	pages = {13-30}
}

@book{cannon,
	author = {Митин,~А.~И. and Свертилова,~Н.~В.},
	title = {Компьютерная графика: справочно-методическое пособие},
	year = {2016},
	publisher = {М.-Берлин: Директ-Медиа}
}

@book{lost,
	author = {Емельянова,~Т.~В. and Аминов,~Л.~А. and Емельянов,~В.~А.},
	title = {Реализация алгоритма удаления невидимых граней},
	year = {2021},
	publisher = {Актуальные проблемы военно-научных исследований},
	pages = {37-44}
}

@book{bands,
	author = {Борисов,~А.~Н. and Сиек,~Ю.~Л.},
	title = {Визуализация подводной сцены в параллельной вычислительной системе},
	year = {2018},
	publisher = {Морские интеллектуальные технологии},
	pages = {119-126}
}

@book{gaf,
	author = {Сафина~Д.~Н.},
	title = {Исследование методов закрашивания Гуро и Фонга},
	year = {2021},
	publisher = {Международная молодёжная научная конференция, посвященная 60-летию со дня осуществления Первого полета человека в космическое пространство и 90-летию Казанского национального исследовательского технического университета им. А.Н. Туполева-КАИ. Материалы конференции. Сборник докладов. В 6-ти томах. Том V. Казань},
	pages = {579-581}
}

% Deprecated

@inbook {
	researchITMO,
	author="Барсуков~А.~В.",
	title="Исследование популярных алгоритмов процедурной генерации ландшафтов на возможность усовершенствования",
	publisher = "Альманах научных работ молодых учёных XLIX научной и учебно-методической конференции Университета ИТМО. Том 3",
	pages = "30",
	language = "russian",
	year = 2020,
}

@inbook {
	openGL,
	author="Херн, Дональд, Бейкер, Паулин М.",
	title="Компьютерная графика и стандарт OpenGL",
	pages = "247-254",
	language = "russian",
	year = 2005,
}

@inbook {
	ds,
	author="Мультан~Р.~И. Мазур~А.~Д.",
	title="Процедурная генерация текстур на основе алгоритма diamond-square",
	publisher = "54-я научная конференция аспирантов, магистрантов и студентов БГУИР",
	pages = "66-67",
	language = "russian",
	year = 2018,
}

@inbook {
	landscapes,
	author="Шишлянников~И.~В.",
	title="Анализ и применение алгоритмов генерации и моделирования ландшафта",
	publisher = "78-я научная конференция аспирантов, магистрантов и студентов Белорусского государственного университета",
	pages = "107-111",
	language = "russian",
	year = 2021,
}

@inbook {
	fault,
	author="Кинтонова~А.~Ж., Габдрешов~Г.~Е., Кисманова~А.~А., Сансызбай~К.~М.",
	title="Проектирование ландшафта с помощью алгоритмов генерации",
	publisher = "Вестник КазАТК No 1 (124)",
	pages = "182-194",
	language = "russian",
	year = 2023,
}

@inbook {
	images,
	author="Гимранова~Р.~М.",
	title="Методы генерации ландшафта карт в разработке игр на примере Unreal Engine 4",
	pages = "21-22",
	language = "russian",
	year = 2020,
}

@inbook {
	perlin,
	author="Ульянов~Е.~А.",
	title="Реализация простого алгоритма шума Перлина на C++",
	language = "russian",
	year = 2024,
}

@inbook {
	hill,
	author = "Колесников~С.~В.",
	title = "О решении задачи генерации ландшафтов",
	pages = "214-215",
	publisher = "Решетневские чтения",
	language = "russian",
	year = 2013,
}

@inbook {
	hill2,
	author = "Аникеев~А.~C.",
	title = "Генерация и моделирование 2D ландшафта по контрольным значениям
	с использованием Unity на языке программирования C$\sharp$",
	publisher = "Инженерный вестник Дона №4",
	language = "russian",
	year = 2020,
}

@inbook {
	simplex,
	author = "Хисамов~И.~Р.",
	title = "Обзор шумовых функций для генерации ландшафта",
	publisher = "52 научные исследования учащихся XI международная научно-практическая конференция | МЦНС «Наука и просвещение»",
	pages = "52-54",
	language = "russian",
	year = 2024,
}

@inbook {
	varnok,
	author="Провкин~В.~А.",
	title="Построение реалистичных изображений при помощи алгоритма Варнока и сравнение эффективности различных его реализаций",
	pages = "9-10",
	language = "russian",
	year = 2017,
}

@misc {
	algorithms,
	title="Основные алгоритмы компьютерной графики [Электронный ресурс]",
	howpublished="Режим доступа: \url{http://bourabai.bladeweb.org/graphics/02.htm} (Дата обращения: 21.09.2024)",
}