@inbook {
	researchITMO,
	author="Барсуков А. В.",
	title="Исследование популярных алгоритмов процедурной генерации ландшафтов на возможность усовершенствования",
	publisher = "Альманах научных работ молодых учёных XLIX научной и учебно-методической конференции Университета ИТМО. Том 3",
	pages = "30",
	language = "russian",
	year = 2020,
}

@inbook {
	openGL,
	author="Херн, Дональд, Бейкер, Паулин М.",
	title="Компьютерная графика и стандарт OpenGL",
	pages = "247-254",
	language = "russian",
	year = 2005,
}

@inbook {
	ds,
	author="Мультан Р.И. Мазур А.Д.",
	title="Процедурная генерация текстур на основе алгоритма diamond-square",
	publisher = "54-я научная конференция аспирантов, магистрантов и студентов БГУИР",
	pages = "66-67",
	language = "russian",
	year = 2018,
}

@inbook {
	landscapes,
	author="Шишлянников И.В.",
	title="Анализ и применение алгоритмов генерации и моделирования ландшафта",
	publisher = "78-я научная конференция аспирантов, магистрантов и студентов Белорусского государственного университета",
	pages = "107-111",
	language = "russian",
	year = 2021,
}

@inbook {
	fault,
	author="Кинтонова А.Ж., Габдрешов Г.Е., Кисманова А.А., Сансызбай К.М.",
	title="Проектирование ландшафта с помощью алгоритмов генерации",
	publisher = "Вестник КазАТК No 1 (124)",
	pages = "182-194",
	language = "russian",
	year = 2023,
}

@inbook {
	images,
	author="Гимранова Р.М.",
	title="Методы генерации ландшафта карт в разработке игр на примере Unreal Engine 4",
	pages = "21-22",
	language = "russian",
	year = 2020,
}

@inbook {
	perlin,
	author="Ульянов Е.А.",
	title="Реализация простого алгоритма шума Перлина на C++",
	language = "russian",
	year = 2024,
}

@inbook {
	hill,
	author = "Колесников С.В.",
	title = "О решении задачи генерации ландшафтов",
	pages = "214-215",
	publisher = "Решетневские чтения",
	language = "russian",
	year = 2013,
}

@inbook {
	hill2,
	author = "Аникеев А.C.",
	title = "Генерация и моделирование 2D ландшафта по контрольным значениям
	с использованием Unity на языке программирования C$\sharp$",
	publisher = "Инженерный вестник Дона №4",
	language = "russian",
	year = 2020,
}

@inbook {
	simplex,
	author = "Хисамов И.Р.",
	title = "Обзор шумовых функций для генерации ландшафта",
	publisher = "52 научные исследования учащихся XI международная научно-практическая конференция | МЦНС «Наука и просвещение»",
	pages = "52-54",
	language = "russian",
	year = 2024,
}


@inbook {
	roberts,
	author = "Головонин А.А.",
	title = "Базовые алгоритмы компьютерной графики",
	publisher = "Проблемы качества графической подготовки студентов в техническом вузе: традиции и инновации",
	pages = "13-30",
	language = "russian",
	year = 2016,
}

@inbook {
	varnok,
	author="Провкин В.А.",
	title="Построение реалистичных изображений при помощи алгоритма Варнока и сравнение эффективности различных его реализаций",
	pages = "9-10",
	language = "russian",
	year = 2017,
}

@misc {
	algorithms,
	title="Основные алгоритмы компьютерной графики [Электронный ресурс]",
	howpublished="Режим доступа: \url{http://bourabai.bladeweb.org/graphics/02.htm} (Дата обращения: 21.09.2024)",
}